<record><leader>00000cas a22000007a 4500</leader><controlfield tag="001">23892168</controlfield><controlfield tag="008">910606d18521853moudn ne      0    0eng d</controlfield><datafield ind1=" " ind2=" " tag="010"><subfield code="a">sn 91061125 </subfield></datafield><datafield ind1=" " ind2=" " tag="040"><subfield code="a">MQN</subfield><subfield code="b">eng</subfield><subfield code="c">MQN</subfield><subfield code="d">OCLCQ</subfield></datafield><datafield ind1=" " ind2=" " tag="042"><subfield code="a">msc</subfield></datafield><datafield ind1="0" ind2="4" tag="245"><subfield code="a">The Morning signal.</subfield></datafield><datafield ind1=" " ind2=" " tag="260"><subfield code="a">St. Louis [Mo.] :</subfield><subfield code="b">Association of Printers,</subfield><subfield code="c">1852-</subfield></datafield><datafield ind1=" " ind2=" " tag="300"><subfield code="a">v.</subfield></datafield><datafield ind1=" " ind2=" " tag="310"><subfield code="a">Daily (except Sun.)</subfield></datafield><datafield ind1="0" ind2=" " tag="362"><subfield code="a">Vol. 1, no. 1 (Jan. 1, 1852)-</subfield></datafield><datafield ind1="1" ind2=" " tag="362"><subfield code="a">Ceased in 1853?</subfield></datafield><datafield ind1=" " ind2=" " tag="500"><subfield code="a">"Published by an Association of Printers ... under the firm of MacDonald, Libby, Gonter &amp; Co."</subfield></datafield><datafield ind1=" " ind2=" " tag="752"><subfield code="a">United States</subfield><subfield code="b">Missouri</subfield><subfield code="d">Saint Louis.</subfield></datafield></record>